@Article{km,
  author = 	 {B. Duquet and K. Marfut and J. Dellinger},
  title = 	 {Kirchhoff modeling, inversion forreflectivity, and subsurface illumination},
  journal = 	 {Geophysics},
  year = 	 2000,
  volume = 	 65,
  number = 	 4,
  pages = 	 {1195-1209}}
