%BIBLIOGRAFIA

%-------------------------------------------------------------
%-------------Referencia do capitulo 1------------------------
%-------------------------------------------------------------
@article{fomel1,
author	= {Fomel, S. and Kazinnik, R.},
year	= {2013},
title	= {Nonhyperbolic common reflection surface},
journal = {Geophysical Prospecting}, 
volume  = {61}, 
pages  = {21-27}
}


@MastersThesis{klaus,
    author     =     {Carmo, K.},
    title     =     {Métodos de otimização global aplicados na busca dos parâmetros SRC},
    school     =     {Universidade Federal do Pará - UFPa},
    address     =     {Belém - PA},
    year     =     {2004},
    }
    
@phdthesis{germam,
title={Traveltime approximations for 2D and 3D media and kinematic wavefield attributes},
author={Höcht, G. },
school={Faculdade de Física Karlsruhe (TH) genehmigte}, 
year={2002},
}

@book{seg,
title={Fundamentals of geophysical interpretation},
author={Lines, L. and Newrick, R.},
publisher={Society of Exploration Geophysicists}, 
year={2004},
}
    
@MastersThesis{neves,
    author     =     {Neves, R.},
    title     =     {Aproximações não hiperbólicas do tempo de trânsito utilizando aproximantes de Padé},
    school     =     {Universidade Federal do Pará - UFPa},
    address     =     {Belém - PA},
    year     =     {2017},
    }
    
@article{ingber,
author	= {INGBER, L.},
year	= {1989},
title	= {Very fast simulated re-annealing},
journal = {Math1. Comput. Modelling}, 
volume  = {12}, 
pages  = {967-973}
}

@article{sep_dif,
author	= {Fomel, S. and Landa, E. and Taner, M.},
year	= {2007},
title	= {Post-stack velocity analysis by separation and imaging of seismic diffractions},
journal = {Geophysics}, 
volume  = {72}, 
pages  = {U89-U94}
}


@book{stoffa,
title={Global Optimization Methods in Geophysical Inversion},
author={Sen, M. and Stoffa, P. },
publisher={ELSEVIER}, 
year={1995},
}

@article{tygel,
author	= {Tygel, M. and Santos, L. and Schleicher, J.},
year	= {1999},
title	= {Multifocus moveout revisited: derivations and alternative expressions},
journal = {Journal of Applied Geophysics}, 
volume  = {42}, 
pages  = {319-331}
}

@article{hubral,
author	= {Hubral, P.},
year	= {1983},
title	= {computing true amplitude reflections in a laterally inhomogeneous earth},
journal = {Geophysics}, 
volume  = {48}, 
pages  = {1051-1062}
}

@article{jager,
author	= {Jager, R. and Mann, J. and Hocht, G. and Hubral, P.},
year	= {2001},
title	= {Common-reflection-surface stack: image and attributes},
journal = {Geophysics}, 
volume  = {66}, 
pages  = {97-109}
}


@article{gelpart1,
author	= {Gelchinsky, B. and Berkovitch, A. and Keydar, S.},
year	= {1999},
title	= {Multifocusing homeomorphic imaging part. 1 Basic concepts and formulas},
journal = {Journal of applied geophysics}, 
volume  = {42}, 
pages  = {229-242}
} 


@article{sche,
author	= {Scheleicher, J. and Tygel, M. and Hubral, P.},
year	= {1993},
title	= {Parabolic and hyperbolic paraxial two-point traveltimes in 3D media},
journal = {Geophysical prospecting}, 
volume  = {41}, 
pages  = {495-514}
} 

@article{chirajc,
author	= {Oliva, P. and Cruz, J.},
year	= {2013},
title	= {Seismic stacking methods: hyperbolic and non-hyperbolic traveltime approximations},
journal = {Décimo terceiro congresso internacional da sociedade brasileira de geofísica (SBGf)}, 
} 

@article{peterhubral,
author	= {Hubral, P.},
year	= {1999},
title	= {Macro-model independent seimic reflection imaging},
journal = {Journal of applied geophysics}, 
volume  = {42}, 
pages  = {137-346}
} 


@article{cre,
author	= {Cruz, J. and Hubral, P. and Tygel, M. and Scheleicher, J. and Hocht, G.},
year	= {2000},
title	= {The common reflecting element (CRE) method revisited},
journal = {Geophysics}, 
volume  = {65}, 
pages  = {979-993}
} 

@article{landa,
title={Aplicationof multifocusing method for subsurface imaging},
author={Landa, E. and Gurevich, B. and Keydar, S. and Trachtman, P.},
journal={Journal of Apllied Geophysics}, 
number={42},
year={1999},
pages={283-300}
}

@article{glaeser,
title={Reflection on spheres and cylinders of revolution},
author={Glaeser, G.},
journal={Journal for Geometry and Graphics}, 
number={3},
year={1999},
pages={121-139},
}

@article{khaidukov,
title={Diffraction imaging by focusing-defocusing: An outlook on seismic superresolution},
author={Khaidukov, V., and Landa, E. and Moser, T.},
journal={Geophysics}, 
number={69},
year={2004},
pages={1478-1490},
}

@book{klen,
title={Theory of Seismic Diffractions},
author={Klem-Musatov, K.},
publisher={Soc. of Expl. Geophys. Edited by Hron F. Fronta and Larry Lines}, 
year={1994},
}

@book{claerbout,
title={Earth Soundings Analysis: Processing Versus Inversion},
author={Claerbout, J.},
publisher={Black-well Scientific Publications}, 
year={1992},
}