@Book{Claerbout.fgdp.1976,
  author=   {J[on] F[] Cl{\ae}rbout},
  title=    {{F}undamentals of {G}eophysical {D}ata {P}rocessing},
  publisher={Blackwell Scientific Publications},
  year=     {1976}
}

@Book{Claerbout.iei.1985,
  author=   {J[on] F[] Cl{\ae}rbout},
  title=    {{I}maging the {E}arth's {I}nterior},
  publisher={Blackwell Scientific Publications},
  year=     {1985}
}

@Book{Tarantola.inversion.1987,
  author=   {A[] Tarantola},
  title=    {Inverse {P}roblem {T}heory: methods for data fitting and model parameter estimation},
  publisher={Elsevier},
  year=     {1987}
}

@Book{Tarantola.inversion.2005,
  author=   {A[] Tarantola},
  title=    {Inverse {P}roblem {T}heory and methods for model parameter estimation},
  publisher={SIAM},
  year=     {2005}
}

@Book{Berkhout.imaging.1982,
  author=   {A[] J[] Berkhout},
  title=    {Imaging of acoustic energy by wave field extrapolation},
  publisher={Elsevier},
  year=     {1982}
}

@Book{StoltBenson.migration.1986,
  author=   {R[] H[] Stolt and A[] K[] Benson},
  title=    {{S}eismic {M}igration: {T}heory and {P}ractice},
  publisher={Pergamon Press},
  year=     {1986}
}

@Book{StoltWeglein.imaging.2012,
  author=   {R[] H[] Stolt and A[] B[] Weglein},
  title=    {Seismic {I}maging and {I}nversion: {A}pplications of {L}inear {I}nverse {T}heory},
  publisher={Cambridge University Press},
  year=     {2012}
}

@Book{DobrinSavit.prospecting.1988,
  author=   {M[] Dobrin and C[] Savit},
  title=    {Introduction to {G}eophysical {P}rospecting, 4$^{th}$ edition},
  publisher={McGraw-Hill Book Company, N.Y.},
  year=     {1988}
}

@Book{IkelleAmundsen.seismology.2005,
  author=   {L[] Ikelle and L[] Amundsen},
  title=    {{I}ntroduction to {P}etroleum {S}eismology},
  publisher={Society of Exploration Geophysicists},
  year=     {2005}
}

@Book{AkiRichards.seismology.2002,
  author=   {K[] Aki and P[] Richards},
  title=    {{Q}uantitative {S}eismology, 2$^{nd}$ edition},
  publisher={University Science Books},
  year=     {2002}
}

@Book{Yilmaz.seismic.2001,
  author=   {O[] Yilmaz},
  title=    {{S}eismic {D}ata {A}nalysis, 2$^{nd}$ edition},
  publisher={Society of Exploration Geophysicists},
  year=     {2001}
}

@Book{Biondi.imaging.2006,
  author=   {B[iondo] Biondi},
  title=    {{3-D} {S}eismic {I}maging},
  publisher={Society of Exploration Geophysicists},
  year=     {2006}
}

@Book{Bracewell.fourier.2006,
  author=   {Romald[] Bracewell},
  title=    {{F}ourier analysis and imaging},
  publisher={Springer},
  year=     {2006}
}

@Book{SyngeSchild.tensor.1978,
  author=   {J[ohn] L[] Synge and A[] Schild},
  title=    {{T}ensor {C}alculus},
  publisher={Dover},
  year=     {1978}
}

@Book{Cerveny.ray.2001,
  author=   {V[] {C}erven\'{y}},
  title=    {Seismic ray theory},
  publisher={Cambridge Univ. Press},
  year=     {2001}
}

@Book{CourantHilbert.mathphys.1989,
  author=   {R[ichard] Courant and D[avid] Hilbert},
  title=    {Methods of mathematical physics},
  publisher={John Wiley \& Sons},
  year=     {1989}
  }

@Book{MorseFeshbach.physics.1981,
  author=   {P[hillip] Morse and H[] Feshbach},
  title=    {{M}ethods of {T}heoretical {P}hysics},
  publisher={{F}eshback {P}ublishing {LLC}},
  year=     {1981}
}

@Book{Cohen.tfa.1995,
  author=   {L[eon] Cohen},
  title=    {{T}ime {F}requency {A}nalysis},
  publisher={{P}rentice {H}all {S}ignal {P}rocessing {S}eries},
  year=     {1995}
}

@Book{FokkemaVanDenBerg.reciprocity.1993,
  author=   {J[] Fokkema and P[] {V}an {D}en {B}erg},
  title=    {Seismic applications of acoustic reciprocity},
  publisher={Elsevier},
  year=     {1993}
}

@Book{Riemann.theory.1953,
  author=   {B[] Riemann},
  title=    {Grundlagen f$\"{u}$r eine allgemeine {T}heorie der {F}unktionen einer ver$\"{a}$nderlichen komplexen Gr$\"{o}$sse (1851), in Collected Works},
  publisher={Dover Publications Inc, New York},
  year=     {1953}
}

@Book{Menke.inversion.1989,
  author=   {W[] Menke},
  title=    {Geophysical data analysis: discrete inverse theory},
  publisher={Elsevier},
  year=     {1989}
}

@Book{AsterEtAl.inversion.2005,
  author=   {R[] Aster and B[] Borchers and C[] Thurber},
  title=    {{P}arameter {E}stimation and {I}nverse {P}roblems},
  publisher={Elsevier},
  year=     {2005}
}

@Book{Parker.inversion.1994,
  author=   {R[] Parker},
  title=    {{G}eophysical {I}nverse {T}heory},
  publisher={Princeton University Press},
  year=     {1994}
}

@Book{Tsvankin.anisotropy.2005,
  author=   {I[] Tsvankin},
  title=    {Seismic signatures and analysis of reflection data in anisotropic media},
  publisher={Elsevier},
  year=     {2005}
}

@Book{Saleh.imaging.2011,
  author=   {B[] Saleh},
  title=    {{I}ntroduction to {S}ubsurface {I}maging},
  publisher={Cambridge University Press},
  year=     {2011}
}

@Book{Nolet.tomography.2008,
  author=   {G[] Nolet},
  title=    {{A} {B}reviary of {S}eismic {T}omography: {I}maging the interior of the {E}arth and {S}un},
  publisher={Cambridge University Press},
  year=     {2008}
}

@Book{Devaney.imaging.2012,
  author=   {A[] J[] Devaney},
  title=    {{M}athematical {F}oundations of {I}maging, {T}omography and {W}avefield {I}nversion},
  publisher={Cambridge University Press},
  year=     {2012}
}

@Book{Chapman.wave.2010,
  author=   {C[] Chapman},
  title=    {{F}undamentals of {S}eismic {W}ave {P}ropagation},
  publisher={Cambridge University Press},
  year=     {2010}
}

@Book{Kennett.wavefield.2001,
  author=   {B[] L[] Kennett},
  title=    {{T}he {S}eismic {W}avefield},
  publisher={Cambridge University Press},
  year=     {2001}
}

@Book{Shearer.seismology.2009,
  author=   {P[] M[] Shearer},
  title=    {{I}ntroduction to {S}eismology},
  publisher={Cambridge University Press},
  year=     {2009}
}

@Book{Schuster.interferometry.2010,
  author=   {G[] T[] Schuster},
  title=    {{S}eismic {I}nterferometry},
  publisher={Cambridge University Press},
  year=     {2010}
}

@Book{SheriffGeldart.seismic.1995,
  author=   {R[] E[] Sherriff and L[] P[] Geldart},
  title=    {{E}xploration {S}eismology},
  publisher={Cambridge University Press},
  year=     {2010}
}

@Book{TelfordEtAl.applgeo.1990,
  author=   {W[] M[] Telford and L[] P[] Geldart and R[] E[] Sheriff},
  title=    {{A}pplied {G}eophysics},
  publisher={Cambridge University Press},
  year=     {1990}
}

@Book{Reynolds.envgeo.1997,
  author=   {J[] M[] Reynolds},
  title=    {{A}n {I}ntroduction to {A}pplied and {E}nvironmental {G}eophysics},
  publisher={Wiley},
  year=     {1997}
}

@Book{MillerEtAl.nsGeo.2010,
  author=   {R[] D[] Miller and J[] H[] Bradford and K[] Holliger},
  title=    {{A}dvances in {N}ear-{S}urface {S}eismology and {G}round-{P}enetrating {R}adar},
  publisher={Society of Exploration Geophysicists},
  year=     {2010}
}

@Book{DahlenTromp.seismo.1998,
  author=   {F[] A[] Dahlen and J[] Tromp},
  title=    {Theoretical {G}lobal {S}eismology},
  publisher={Princeton University Press},
  year=     {1998}
}

@Book{NocedalWright.optim.2000,
  author=   {J[] Nocedal and S[] J[] Wright},
  title=    {Numerical {O}ptimization},
  publisher={Springer},
  year=     {2000}
}

@Book{Fletcher.optim.1987,
  author=   {R[] Fletcher},
  title=    {Practical {M}ethods of {O}ptimization},
  publisher={Wiley},
  year=     {1987}
}

@Book{CurlanderMcDonough.sar.1991,
  author=   {J[] Curlander and R[] McDonough},
  title=    {Synthetic {A}perture {R}adar: {S}ystems and {S}ignal {P}rocessing},
  publisher={Wiley},
  year=     {1991}
}

@Book{Richards.radar.2014,
  author=   {M[] Richards},
  title=    {Fundamentals of {R}adar {S}ignal {P}rocessing},
  publisher={McGraw-Hill},
  year=     {2014}
}

@Book{FinkEtAl.imaging.2002,
  author=   {M[] Fink and W[] Kuperman and J[]-P[] Montagner},
  title=    {Imaging of {C}omplex {M}edia with {A}coustic and {S}eismic {W}aves},
  publisher={Springer},
  year=     {2002}
}

@Book{TongGarcia.seismology.2015,
  author=   {V[] Tong and R[] Garcia},
  title=    {Extraterrestrial Seismology},
  publisher={Cambridge University Press},
  year=     {2015}
}

@book{Everett.nearsurface.2013, 
  author=   {M[] Everett}, 
  title=    {Near-Surface Applied Geophysics}, 
  publisher={Cambridge University Press}, 
  year=     {2013}
}

