@string {bssa = "Bulletin of the Seismological Society of America"}

@string {bstj = "Bell Systems Technical Journal"}

@string {fb = "First Break"}

@string {geo = "Geophysics"}

@string {gj = "Geophysical Journal"}

@string {gji = "Geophysical Journal International"}

@string {gjras = "Geophysical Journal of the Royal Astronomical Society"}

@string {gp = "Geophysical Prospecting"}

@string {ieeetap = "IEEE Transactions on Antennas and Propagation"}

@string {ip = "Inverse Problems"}

@string {jasa = "Journal of the Acoustical Society of America"}

@string {jasaa = "Journal of the Acoustical Society of America A"}

@string {jasab = "Journal of the Acoustical Society of America B"}

@string {jag = "Journal of Applied Geophysics"}

@string {jam = "SIAM Journal of Applied Mathematics"}

@string {jap = "Journal of Applied Physics"}

@string {jg = "Journal of Geophysics"}

@string {jgr = "Journal of Geophysical Research"}

@string {jmp = "Journal of Mathematical Physics"}

@string {josa = "Journal of the Optical Society of America"}

@string {josaa = "Journal of the Optical Society of America A"}

@string {josab = "Journal of the Optical Society of America B"}

@string {jse = "Journal of Seismic Exploration"}

@string {ogj = "Oil and Gas Journal"}

@string {pag = "Pure and Applied Geophysics"}

@string {pepi = "Physics of the Earth and Planetary Interiors"}

@string {pieee = "Proceedings of the IEEE"}

@string {rgg = "Russian Geology and Geophysics"}

@string {rs = "Radio Science"}

@string {sd = "Scientific Drilling"}

@string {sg = "Surveys in Geophysics"}

@string {sgg = "Soviet Geology and Geophysics"}

@string {sgeg = "Studia Geophysica et Geodaetica"}

@string {tle = "The Leading Edge"}

@string {wm = "Wave Motion"}

@string {dgg = "DGG"}

@string {eaeg = "EAEG"}

@string {eage = "EAGE"}

@string {seg = "SEG"}

@string {sbgf = "SBGf" }

